<record><leader>00000cas a2200000 a 4500</leader><controlfield tag="001">13176417</controlfield><controlfield tag="008">860220d185u1861tnudr ne      0   a0eng  </controlfield><datafield ind1=" " ind2=" " tag="010"><subfield code="a">sn 86071121 </subfield></datafield><datafield ind1=" " ind2=" " tag="040"><subfield code="a">DLC</subfield><subfield code="b">eng</subfield><subfield code="c">DLC</subfield><subfield code="d">NPX</subfield><subfield code="d">TGN</subfield><subfield code="d">OCL</subfield><subfield code="d">DLC</subfield><subfield code="d">OCLCQ</subfield><subfield code="d">OCLCO</subfield><subfield code="d">OCLCQ</subfield><subfield code="d">OCLCF</subfield><subfield code="d">DLC</subfield></datafield><datafield ind1="1" ind2=" " tag="022"><subfield code="a">2574-2736</subfield><subfield code="2">1</subfield></datafield><datafield ind1=" " ind2=" " tag="042"><subfield code="a">pcc</subfield><subfield code="a">nsdp</subfield></datafield><datafield ind1=" " ind2=" " tag="043"><subfield code="a">n-us-tn</subfield></datafield><datafield ind1="0" ind2="0" tag="050"><subfield code="a">Newspaper 9843</subfield></datafield><datafield ind1=" " ind2="4" tag="222"><subfield code="a">The Memphis morning enquirer</subfield></datafield><datafield ind1="0" ind2="4" tag="245"><subfield code="a">The Memphis morning enquirer.</subfield></datafield><datafield ind1="1" ind2="3" tag="246"><subfield code="a">Morning enquirer</subfield></datafield><datafield ind1=" " ind2=" " tag="260"><subfield code="a">Memphis [Tenn.] :</subfield><subfield code="b">L.D. Stickney &amp; Co.,</subfield><subfield code="c">-1861.</subfield></datafield><datafield ind1=" " ind2=" " tag="300"><subfield code="a">v. :</subfield><subfield code="b">ill. (chiefly advertisements) ;</subfield><subfield code="c">78 cm.</subfield></datafield><datafield ind1=" " ind2=" " tag="310"><subfield code="a">Daily</subfield></datafield><datafield ind1="0" ind2=" " tag="362"><subfield code="a">-v. 29, no. 8971 (Mar. 8, 1861).</subfield></datafield><datafield ind1=" " ind2=" " tag="588"><subfield code="a">Description based on: Vol. 24, no. 7589 (July 1, 1859).</subfield></datafield><datafield ind1=" " ind2="0" tag="651"><subfield code="a">Memphis (Tenn.)</subfield><subfield code="v">Newspapers.</subfield></datafield><datafield ind1=" " ind2="0" tag="651"><subfield code="a">Shelby County (Tenn.)</subfield><subfield code="v">Newspapers.</subfield></datafield><datafield ind1=" " ind2="7" tag="651"><subfield code="a">Tennessee</subfield><subfield code="z">Memphis.</subfield><subfield code="2">fast</subfield><subfield code="0">(OCoLC)fst01204194</subfield></datafield><datafield ind1=" " ind2="7" tag="651"><subfield code="a">Tennessee</subfield><subfield code="z">Shelby County.</subfield><subfield code="2">fast</subfield><subfield code="0">(OCoLC)fst01209894</subfield></datafield><datafield ind1=" " ind2="7" tag="655"><subfield code="a">Newspapers.</subfield><subfield code="2">fast</subfield><subfield code="0">(OCoLC)fst01423814</subfield></datafield><datafield ind1=" " ind2=" " tag="752"><subfield code="a">United States</subfield><subfield code="b">Tennessee</subfield><subfield code="c">Shelby</subfield><subfield code="d">Memphis.</subfield></datafield><datafield ind1="0" ind2=" " tag="775"><subfield code="t">Memphis weekly eagle and enquirer</subfield><subfield code="w">(DLC)sn 86071113</subfield></datafield><datafield ind1="0" ind2="0" tag="780"><subfield code="t">Memphis eagle and enquirer</subfield><subfield code="x">2574-2744</subfield><subfield code="w">(DLC)sn 86053491</subfield><subfield code="w">(OCoLC)13726504</subfield></datafield><datafield ind1="0" ind2="4" tag="785"><subfield code="t">Memphis daily avalanche</subfield><subfield code="x">2574-2639</subfield><subfield code="w">(DLC)sn 85038549</subfield><subfield code="w">(OCoLC)12708069</subfield></datafield><datafield ind1="1" ind2=" " tag="029"><subfield code="a">AU@</subfield><subfield code="b">000020236365</subfield></datafield></record>